@inproceedings{di,
  author    = {Sheng Di and
               Franck Cappello},
  title     = {Fast Error-Bounded Lossy {HPC} Data Compression with {SZ}},
  booktitle = {IPDPS},
  pages     = {730--739},
  year      = {2016}
}

@INPROCEEDINGS{tao, 
author={D. Tao and S. Di and Z. Chen and F. Cappello}, 
booktitle={2017 IEEE International Parallel and Distributed Processing Symposium (IPDPS)}, 
title={Significantly Improving Lossy Compression for Scientific Data Sets Based on Multidimensional Prediction and Error-Controlled Quantization}, 
year={2017}, 
pages={1129-1139}, 
doi={10.1109/IPDPS.2017.115}, 
ISSN={1530-2075}, 
month={May},}

@article{lindstrom,
  author    = {Peter Lindstrom},
  title     = {Fixed-Rate Compressed Floating-Point Arrays},
  journal   = {TVCG},
  volume    = {20},
  number    = {12},
  pages     = {2674--2683},
  year      = {2014}
}

@article{z-checker,
author = {Dingwen Tao and Sheng Di and Hanqi Guo and Zizhong Chen and Franck Cappello},
title ={Z-checker: A framework for assessing lossy compression of scientific data},
journal = {The International Journal of High Performance Computing Applications},
volume = {0},
number = {0},
pages = {1094342017737147},
year = {0},
doi = {10.1177/1094342017737147},

URL = {
        https://doi.org/10.1177/1094342017737147

},
eprint = {
        https://doi.org/10.1177/1094342017737147

}
}
